@misc{introducao,
    author = {Pedro Henrique Ramos Costa},
    title = {Compiladores - 2024/2: Introdução},
    note = {Apresentação PDF distribuída em sala de aula},
    url = {https://pucminas.instructure.com/files/12038168/download?download_frd=1},
    year= {2024}
}

@misc{otimizacao,
    author = {Pedro Henrique Ramos Costa},
    title = {Compiladores - 2024/2: Otimização de Código},
    note = {Apresentação PDF distribuída em sala de aula},
    url = {https://pucminas.instructure.com/files/12898499/download?download_frd=1},
    year= {2024}
}